<?xml version="1.0" encoding="UTF-8"?>
  <record xmlns="http://www.loc.gov/MARC21/slim" type="Authority">
    <leader>00000nz  a2200000nc 4500</leader>
    <controlfield tag="001">118712470</controlfield>
    <controlfield tag="003">DE-101</controlfield>
    <controlfield tag="005">20220721175639.0</controlfield>
    <controlfield tag="008">880701n||azznnaabn           | aaa    |c</controlfield>
    <datafield tag="024" ind1="7" ind2=" ">
      <subfield code="a">118712470</subfield>
      <subfield code="0">http://d-nb.info/gnd/118712470</subfield>
      <subfield code="2">gnd</subfield>
    </datafield>
    <datafield tag="035" ind1=" " ind2=" ">
      <subfield code="a">(DE-101)118712470</subfield>
    </datafield>
    <datafield tag="035" ind1=" " ind2=" ">
      <subfield code="a">(DE-588)118712470</subfield>
    </datafield>
    <datafield tag="035" ind1=" " ind2=" ">
      <subfield code="z">(DE-588)1089960662</subfield>
    </datafield>
    <datafield tag="035" ind1=" " ind2=" ">
      <subfield code="z">(DE-588a)118712470</subfield>
      <subfield code="9">v:zg</subfield>
    </datafield>
    <datafield tag="035" ind1=" " ind2=" ">
      <subfield code="z">(DE-588a)11972295X</subfield>
    </datafield>
    <datafield tag="035" ind1=" " ind2=" ">
      <subfield code="z">(DE-588c)4096558-2</subfield>
      <subfield code="9">v:zg</subfield>
    </datafield>
    <datafield tag="040" ind1=" " ind2=" ">
      <subfield code="a">DE-101</subfield>
      <subfield code="c">DE-101</subfield>
      <subfield code="9">r:DE-101</subfield>
      <subfield code="b">ger</subfield>
      <subfield code="d">9999</subfield>
      <subfield code="e">rda</subfield>
    </datafield>
    <datafield tag="042" ind1=" " ind2=" ">
      <subfield code="a">gnd1</subfield>
    </datafield>
    <datafield tag="043" ind1=" " ind2=" ">
      <subfield code="c">XU</subfield>
    </datafield>
    <datafield tag="065" ind1=" " ind2=" ">
      <subfield code="a">16.5p</subfield>
      <subfield code="2">sswd</subfield>
    </datafield>
    <datafield tag="075" ind1=" " ind2=" ">
      <subfield code="b">p</subfield>
      <subfield code="2">gndgen</subfield>
    </datafield>
    <datafield tag="075" ind1=" " ind2=" ">
      <subfield code="b">piz</subfield>
      <subfield code="2">gndspec</subfield>
    </datafield>
    <datafield tag="079" ind1=" " ind2=" ">
      <subfield code="a">g</subfield>
      <subfield code="q">s</subfield>
      <subfield code="q">f</subfield>
      <subfield code="q">e</subfield>
      <subfield code="q">n</subfield>
      <subfield code="u">v</subfield>
      <subfield code="u">w</subfield>
    </datafield>
    <datafield tag="100" ind1="0" ind2=" ">
      <subfield code="a">Johannes</subfield>
      <subfield code="b">VI.</subfield>
      <subfield code="c">Imperium Byzantinum, Imperator</subfield>
      <subfield code="d">1295-1385</subfield>
    </datafield>
    <datafield tag="400" ind1="0" ind2=" ">
      <subfield code="a">Ioann Kantakuzin</subfield>
      <subfield code="d">1295-1385</subfield>
    </datafield>
    <datafield tag="400" ind1="0" ind2=" ">
      <subfield code="a">Johannes</subfield>
      <subfield code="c">Kantakuzenos, Kaiser</subfield>
      <subfield code="d">1295-1385</subfield>
    </datafield>
    <datafield tag="400" ind1="0" ind2=" ">
      <subfield code="a">Joannes</subfield>
      <subfield code="c">Cantacuzenus</subfield>
      <subfield code="d">1295-1385</subfield>
    </datafield>
    <datafield tag="400" ind1="1" ind2=" ">
      <subfield code="a">Cantacuzenus, Johannes</subfield>
      <subfield code="d">1295-1385</subfield>
    </datafield>
    <datafield tag="400" ind1="0" ind2=" ">
      <subfield code="a">Iōannēs</subfield>
      <subfield code="c">Kantakuzēnos</subfield>
      <subfield code="d">1295-1385</subfield>
    </datafield>
    <datafield tag="400" ind1="1" ind2=" ">
      <subfield code="a">Kantakuzēnos, Iōannēs</subfield>
      <subfield code="d">1295-1385</subfield>
    </datafield>
    <datafield tag="400" ind1="1" ind2=" ">
      <subfield code="a">Kantakuzenos, Johannes</subfield>
      <subfield code="d">1295-1385</subfield>
    </datafield>
    <datafield tag="400" ind1="0" ind2=" ">
      <subfield code="a">Iōannēs</subfield>
      <subfield code="c">ho Kantakuzēnos</subfield>
      <subfield code="d">1295-1385</subfield>
    </datafield>
    <datafield tag="400" ind1="0" ind2=" ">
      <subfield code="a">Jean</subfield>
      <subfield code="c">Cantacuzène</subfield>
      <subfield code="d">1295-1385</subfield>
    </datafield>
    <datafield tag="400" ind1="0" ind2=" ">
      <subfield code="a">Giovanni</subfield>
      <subfield code="c">Cantacuzeno</subfield>
      <subfield code="d">1295-1385</subfield>
    </datafield>
    <datafield tag="400" ind1="0" ind2=" ">
      <subfield code="a">Christodulus</subfield>
      <subfield code="c">Monachus</subfield>
      <subfield code="d">1295-1385</subfield>
    </datafield>
    <datafield tag="400" ind1="0" ind2=" ">
      <subfield code="a">Johannes</subfield>
      <subfield code="c">Christodulus</subfield>
      <subfield code="d">1295-1385</subfield>
    </datafield>
    <datafield tag="400" ind1="0" ind2=" ">
      <subfield code="a">Joasaph</subfield>
      <subfield code="c">Cantacuzenus</subfield>
      <subfield code="d">1295-1385</subfield>
    </datafield>
    <datafield tag="400" ind1="0" ind2=" ">
      <subfield code="a">Johannes</subfield>
      <subfield code="c">Byzantinus</subfield>
      <subfield code="d">1295-1385</subfield>
    </datafield>
    <datafield tag="400" ind1="0" ind2=" ">
      <subfield code="a">Nilus</subfield>
      <subfield code="c">Cantacuzenus</subfield>
      <subfield code="d">1295-1385</subfield>
    </datafield>
    <datafield tag="400" ind1="0" ind2=" ">
      <subfield code="a">Johannes</subfield>
      <subfield code="b">VI.</subfield>
      <subfield code="c">Imperium Constantinopolitanum, Imperator</subfield>
      <subfield code="d">1295-1385</subfield>
    </datafield>
    <datafield tag="400" ind1="0" ind2=" ">
      <subfield code="a">Christodulos</subfield>
      <subfield code="d">1295-1385</subfield>
    </datafield>
    <datafield tag="400" ind1="0" ind2=" ">
      <subfield code="a">Cantacuzene</subfield>
      <subfield code="d">1295-1385</subfield>
    </datafield>
    <datafield tag="400" ind1="0" ind2=" ">
      <subfield code="a">Johannes VI. Cantacuzenus</subfield>
      <subfield code="d">1295-1385</subfield>
      <subfield code="9">v:(VD-16)</subfield>
    </datafield>
    <datafield tag="400" ind1="0" ind2=" ">
      <subfield code="a">Iōnnēs</subfield>
      <subfield code="c">ho Katakuzēnos</subfield>
      <subfield code="d">1295-1385</subfield>
    </datafield>
    <datafield tag="400" ind1="0" ind2=" ">
      <subfield code="a">Johannes</subfield>
      <subfield code="c">Cantacuzenus</subfield>
      <subfield code="d">1295-1385</subfield>
    </datafield>
    <datafield tag="400" ind1="0" ind2=" ">
      <subfield code="a">Johannes</subfield>
      <subfield code="c">Kantakuzenos</subfield>
      <subfield code="d">1295-1385</subfield>
    </datafield>
    <datafield tag="400" ind1="0" ind2=" ">
      <subfield code="a">Johannes</subfield>
      <subfield code="b">VI.</subfield>
      <subfield code="c">Byzantinisches Reich, Kaiser</subfield>
      <subfield code="d">1295-1385</subfield>
    </datafield>
    <datafield tag="400" ind1="0" ind2=" ">
      <subfield code="a">Johannes</subfield>
      <subfield code="b">6</subfield>
      <subfield code="c">Imperium Byzantinum, Imperator</subfield>
      <subfield code="d">1295-1385</subfield>
    </datafield>
    <datafield tag="400" ind1="0" ind2=" ">
      <subfield code="a">Johannes</subfield>
      <subfield code="c">Cantacuzenos</subfield>
      <subfield code="d">1295-1385</subfield>
    </datafield>
    <datafield tag="400" ind1="1" ind2=" ">
      <subfield code="a">Kantakuzenus, Johannes</subfield>
      <subfield code="d">1295-1385</subfield>
    </datafield>
    <datafield tag="400" ind1="0" ind2=" ">
      <subfield code="a">Iohannes</subfield>
      <subfield code="c">Cantacuzenus</subfield>
      <subfield code="d">1295-1385</subfield>
    </datafield>
    <datafield tag="400" ind1="0" ind2=" ">
      <subfield code="a">Johannes</subfield>
      <subfield code="b">6</subfield>
      <subfield code="c">Byzantinisches Reich, Kaiser</subfield>
      <subfield code="d">1295-1385</subfield>
    </datafield>
    <datafield tag="400" ind1="1" ind2=" ">
      <subfield code="a">Kantakuzenos, Johannes</subfield>
      <subfield code="c">Kantakuzenos</subfield>
      <subfield code="d">1295-1385</subfield>
    </datafield>
    <datafield tag="400" ind1="1" ind2=" ">
      <subfield code="a">Cantacuzenus, Johannes</subfield>
      <subfield code="c">Kantakuzenos</subfield>
      <subfield code="d">1295-1385</subfield>
    </datafield>
    <datafield tag="500" ind1="0" ind2=" ">
      <subfield code="0">(DE-101)1085169200</subfield>
      <subfield code="0">(DE-588)1085169200</subfield>
      <subfield code="0">https://d-nb.info/gnd/1085169200</subfield>
      <subfield code="a">Eirene Asanina</subfield>
      <subfield code="c">Byzantinisches Reich, Kaiserin</subfield>
      <subfield code="d">-1369</subfield>
      <subfield code="4">bezf</subfield>
      <subfield code="4">https://d-nb.info/standards/elementset/gnd#familialRelationship</subfield>
      <subfield code="w">r</subfield>
      <subfield code="i">Beziehung familiaer</subfield>
      <subfield code="e">Beziehung familiaer</subfield>
      <subfield code="9">v:Ehefrau</subfield>
    </datafield>
    <datafield tag="548" ind1=" " ind2=" ">
      <subfield code="a">1295-1385</subfield>
      <subfield code="4">datl</subfield>
      <subfield code="4">https://d-nb.info/standards/elementset/gnd#dateOfBirthAndDeath</subfield>
      <subfield code="w">r</subfield>
      <subfield code="i">Lebensdaten</subfield>
      <subfield code="9">v:Abweichendes Geburtsjahr 1296</subfield>
    </datafield>
    <datafield tag="667" ind1=" " ind2=" ">
      <subfield code="a">12-PMA</subfield>
    </datafield>
    <datafield tag="667" ind1=" " ind2=" ">
      <subfield code="a">12</subfield>
    </datafield>
    <datafield tag="667" ind1=" " ind2=" ">
      <subfield code="a">VD-17</subfield>
    </datafield>
    <datafield tag="667" ind1=" " ind2=" ">
      <subfield code="a">Red. SSG</subfield>
    </datafield>
    <datafield tag="670" ind1=" " ind2=" ">
      <subfield code="a">Quelle: DNB-Normdaten (Info DNB: (Geburtsjahr ca.) Land Byzantinisches Reich (XU) Weitere Angaben Historiarum libri IV (verf. unter dem literar. Namen Christodulos)</subfield>
    </datafield>
    <datafield tag="670" ind1=" " ind2=" ">
      <subfield code="a">Tusculum-Lexikon, LMA,V,534/35</subfield>
    </datafield>
    <datafield tag="670" ind1=" " ind2=" ">
      <subfield code="a">M</subfield>
    </datafield>
    <datafield tag="670" ind1=" " ind2=" ">
      <subfield code="a">GND</subfield>
    </datafield>
    <datafield tag="672" ind1=" " ind2="0">
      <subfield code="a">Contra Mahometicam fidem christiana et or*</subfield>
      <subfield code="f">1543</subfield>
    </datafield>
    <datafield tag="672" ind1=" " ind2="0">
      <subfield code="a">IOANNIS CANTACVZENI CONSTANTINOPOLITANI REGIS CONTRA MAHOMETICAM fidem Christiana &amp; ... 1543. (VD16 J 376)</subfield>
    </datafield>
    <datafield tag="672" ind1=" " ind2="0">
      <subfield code="a">Historiarum libri IV</subfield>
      <subfield code="f">1645</subfield>
    </datafield>
    <datafield tag="672" ind1=" " ind2="0">
      <subfield code="a">Historiarum libri IV. - 1828 - 1832</subfield>
    </datafield>
    <datafield tag="672" ind1=" " ind2="0">
      <subfield code="a">De Rebus ab Andronico Palaeologo iuniore *</subfield>
      <subfield code="f">1603</subfield>
    </datafield>
    <datafield tag="672" ind1=" " ind2="0">
      <subfield code="a">Kata Iudaiōn</subfield>
      <subfield code="f">1983</subfield>
    </datafield>
    <datafield tag="678" ind1=" " ind2=" ">
      <subfield code="b">Historiarum libri IV (verf. unter dem literar. Namen Christodulos)</subfield>
    </datafield>
    <datafield tag="913" ind1=" " ind2=" ">
      <subfield code="S">pnd</subfield>
      <subfield code="i">5</subfield>
      <subfield code="a">Johannes &lt;Imperium Byzantinum, Imperator, VI.&gt;</subfield>
      <subfield code="0">(DE-588a)118712470</subfield>
    </datafield>
    <datafield tag="913" ind1=" " ind2=" ">
      <subfield code="S">pnd</subfield>
      <subfield code="i">5</subfield>
      <subfield code="a">Johannes &lt;Byzantinisches Reich, Kaiser, VI.&gt;</subfield>
      <subfield code="0">(DE-588a)118712470</subfield>
    </datafield>
  </record>
